% Encoding: UTF-8

@PhdThesis{Fonseca-2013,
  author  = {Fonseca, William {\relax D'A.}},
  school  = {Federal University of Santa Catarina},
  title   = {Beamforming Considering Acoustic Diffractionover Cylindrical Surfaces},
  year    = {2013. ISBN 978-8591677405},
  address = {Florianópolis, SC, Brazil},
  isbn    = {9788591677405},
  url     = {http://www.bu.ufsc.br/teses/PEMC1445-T.pdf},
}

@Article{ref1,
  author  = {Author, A. and Author, B.},
  journal = {Journal name},
  title   = {Paper title},
  year    = {year},
  number  = {number},
  pages   = {pages},
  volume  = {volume},
}

@InProceedings{prec1,
  author    = {Author, C. and Author, D.},
  booktitle = {Proceedings title},
  title     = {Paper title},
  year      = {year},
  address   = {conference venue},
  month     = {date},
  pages     = {pages},
  doi       = {doi},
}

@InProceedings{Vechiatti2010,
  author    = {Nilda Vechiatti and Federico Iasi and Ariel Velis and Alejandro Armas and Daniel Tomeo and Horacio Bontti},
  booktitle = {{2nd Pan-American/Iberian Meeting on Acoustics}},
  title     = {{Tests of sound absorption of seats of the Colon Theatre in Buenos Aires}},
  year      = {2010},
  address   = {Cancun, México},
  month     = {Nov.},
  pages     = {15-19},
}

@Book{book1,
  author    = {Author, E. and Author, F.},
  publisher = {editor},
  title     = {Book title},
  year      = {year},
  address   = {City (Country)},
  edition   = {edition},
  isbn      = {ISBN},
}

@Book{Brebbia,
  author    = {Brebbia, C. A. and Dominguez, J.},
  publisher = {Computational Mechanics Publications},
  title     = {{Boundary Elements. An Introductory Course}},
  year      = {1989},
  address   = {{Southampton (UK) \& Boston (USA)}},
  isbn      = {978-1853123498},
}

@Article{Patricio2008,
  author  = {Patrício, J. and Schiappa, F. and Souza, M.},
  journal = {International Journal of Acoustics and Vibration},
  title   = {The vibration map as a tool for diagnosis and evaluation},
  year    = {2008},
  number  = {1},
  pages   = {31-35},
  volume  = {13},
}

@TechReport{CEN,
  author  = {{CEN, European Standard}},
  title   = {{EN 12354-2: Building acoustics - Estimation of acoustic performance of buildings from the performance of elements - Impact sound insulation between rooms}},
  year    = {2002},
  address = {Belgium},
  type    = {Standard},
}

@Book{Beranek2004,
  author    = {Beranek, L.},
  publisher = {Springer},
  title     = {{Concert Halls and Opera Houses: Music, Acoustics, and Architecture}},
  year      = {2004},
  address   = {NY (USA)},
  edition   = {2},
}

@Comment{jabref-meta: databaseType:bibtex;}
