% Encoding: UTF-8

@InProceedings{Mareze-2017,
  author    = {Mareze, Paulo H. and Copetti, Guilherme and Brandão, Eric and Fonseca, William {\relax D'A.} and Dresch, Fernanda and Specht, Luciano P.},
  booktitle = {{XXVIII Encontro da Sociedade Brasileira de Acústica, Sobrac~2017}},
  title     = {Modelagem da absorção acústica de camadas porosas asfálticas},
  year      = {2017},
  address   = {Brasília, DF},
  url       = {https://www.researchgate.net/publication/317318764_Modelagem_da_absorcao_acustica_de_camadas_porosas_asfalticas},
}

@PhdThesis{Fonseca-2013,
  author  = {Fonseca, Wiliam {\relax D'A.}},
  school  = {Universidade Federal de Santa Catarina},
  title   = {Beamforming considerando difração acústica em superfícies cilíndricas},
  year    = {2013. ISBN 978-8591677405},
  address = {Florianópolis, SC},
  url     = {http://www.bu.ufsc.br/teses/PEMC1445-T.pdf},
}

@Book{Brandao-2017,
  title     = {{Acústica de Salas: Projeto e Modelagem}},
  publisher = {Blucher},
  year      = {2016},
  author    = {Brandão, E.},
  address   = {São Paulo},
  edition   = {1},
}

@Article{Gomes-2015,
  author  = {Gomes, M. H. A. and Bonifacio, Paulo R. O. and Carvalho, M. O. M. and Azikri de Deus, H. P. A},
  journal = {Applied Mechanics and Materials},
  title   = {Vibro Acoustic Method for Non Destructive Test of Composite Sandwich Structures},
  year    = {2015},
  pages   = {153-158},
  volume  = {751},
  doi     = {10.4028/www.scientific.net/AMM.751.153},
}

@Book{Oppenheim-2010,
  title     = {Sinais e Sistemas},
  publisher = {Pearson},
  year      = {2010},
  author    = {Oppenheim, A. and Willsky, A. S.},
  address   = {São Paulo},
  edition   = {2},
}

@Article{Muller-2001,
  author  = {Müller, Swen and Massarani, Paulo},
  journal = {Journal of the Audio Engineering Society},
  title   = {Transfer-function measurement with sweeps},
  year    = {2001},
  number  = {6},
  pages   = {443-471},
  volume  = {49},
  url     = {https://www.aes.org/e-lib/browse.cfm?elib=10189},
}

@Article{Borges-2018,
  author  = {Borges, J. and Pacheco, F. and Tutikian, B. and de Oliveira M.},
  journal = {Construction and Building Materials},
  title   = {An experimental study on the use of waste aggregate for acoustic attenuation: {EVA} and rice husk composites for impact noise reduction},
  year    = {2018},
  pages   = {501-508},
  volume  = {161},
  doi     = {10.1016/j.conbuildmat.2017.11.078},
}

@Comment{jabref-meta: databaseType:bibtex;}
